% Encoding: UTF-8

@Electronic{intelffmpeg,
  author   = {Intel Corporation},
  title    = {Intel QuickSync Video and FFmpeg},
  date     = {2015-12-24},
  url      = {http://www.intel.ie/content/dam/www/public/emea/xe/en/documents/white-papers/quicksync-video-ffmpeg-install-valid.pdf},
  subtitle = {Installation and Validation},
  language = {english},
  urldate  = {2016-10-13},
}

@Electronic{nvidiaffmpeg,
  author   = {NVIDIA Corporation},
  title    = {FFMPEG WITH NVIDIA ACCELERATION ON UBUNTU LINUX},
  date     = {2015-10-09},
  url      = {http://developer.download.nvidia.com/compute/redist/ffmpeg/1511-patch/FFMPEG-with-NVIDIA-Acceleration-on-Ubuntu_UG_v01.pdf},
  subtitle = {Installation and User Guide},
  language = {english},
  urldate  = {2016-10-13},
}

@Comment{jabref-meta: databaseType:biblatex;}
